<record xmlns="http://www.loc.gov/MARC21/slim" xmlns:xsi="http://www.w3.org/2001/XMLSchema-instance" xsi:schemaLocation="http://www.loc.gov/MARC21/slim http://www.loc.gov/standards/marcxml/schema/MARC21slim.xsd"><leader>     nam a22        4500</leader><controlfield tag="001">001266519</controlfield><controlfield tag="003">NNU</controlfield><controlfield tag="006">m        d        </controlfield><controlfield tag="007">cr cn |||m|||a</controlfield><controlfield tag="008">150313s1895    le      o     000 0darard</controlfield><datafield ind1=" " ind2=" " tag="040"><subfield code="a">NNU</subfield><subfield code="b">eng</subfield><subfield code="c">NNU</subfield></datafield><datafield ind1=" " ind2=" " tag="043"><subfield code="a">a-su---</subfield></datafield><datafield ind1=" " ind2="4" tag="050"><subfield code="a">BP75</subfield><subfield code="b">.N3 1895</subfield></datafield><datafield ind1=" " ind2=" " tag="066"><subfield code="c">(3</subfield></datafield><datafield ind1=" " ind2=" " tag="090"><subfield code="a">BP75</subfield><subfield code="b">.N3 1895</subfield></datafield><datafield ind1="1" ind2=" " tag="100"><subfield code="a">Nabh&#257;n&#299;, Y&#363;suf ibn Ism&#257;&#699;&#299;l,</subfield><subfield code="d">1849 or 50-1932.</subfield></datafield><datafield ind1="1" ind2="3" tag="245"><subfield code="a">al-Anw&#257;r al-Mu&#7717;ammad&#299;yah min al-maw&#257;hib al-ludan&#299;yah</subfield><subfield code="h">[electronic resource] /</subfield><subfield code="c">ta&#700;l&#299;f Y&#363;suf ibn Ism&#257;&#699;&#299;l al-Nabh&#257;n&#299;.</subfield></datafield><datafield ind1=" " ind2=" " tag="260"><subfield code="a">Bayr&#363;t :</subfield><subfield code="b">al-Ma&#7789;ba&#699;ah al-Adab&#299;yah,</subfield><subfield code="c">1312 [1895]</subfield></datafield><datafield ind1=" " ind2=" " tag="300"><subfield code="a">online resource (632, 8 p.)</subfield></datafield><datafield ind1=" " ind2=" " tag="500"><subfield code="a">In Arabic.</subfield></datafield><datafield ind1=" " ind2=" " tag="500"><subfield code="a">Partially vocalized.</subfield></datafield><datafield ind1=" " ind2=" " tag="500"><subfield code="a">Part of the Arabic Collections Online (ACO) project, contributed by New York Univeristy Libraries.</subfield></datafield><datafield ind1=" " ind2=" " tag="533"><subfield code="a">Electronic reproduction.</subfield><subfield code="b">New York, N.Y. :</subfield><subfield code="c">New York University,</subfield><subfield code="d">2015.</subfield><subfield code="5">NNU</subfield></datafield><datafield ind1="0" ind2="0" tag="600"><subfield code="a">Mu&#7717;ammad,</subfield><subfield code="c">Prophet,</subfield><subfield code="d">d. 632.</subfield></datafield><datafield ind1=" " ind2="0" tag="650"><subfield code="a">Muslims</subfield><subfield code="z">Saudi Arabia</subfield><subfield code="v">Biography.</subfield></datafield><datafield ind1="2" ind2=" " tag="710"><subfield code="a">New York University.</subfield><subfield code="b">Libraries.</subfield></datafield><datafield ind1="0" ind2=" " tag="730"><subfield code="a">Arabic Collections Online.</subfield></datafield><datafield ind1="0" ind2="8" tag="776"><subfield code="i">Print version:</subfield><subfield code="a">Nabh&#257;n&#299;, Y&#363;suf ibn Ism&#257;&#699;&#299;l, 1849 or 50-1932.</subfield><subfield code="t">al-Anw&#257;r al-Mu&#7717;ammad&#299;yah min al-maw&#257;hib al-ludan&#299;yah</subfield><subfield code="w">(NNU)001266519</subfield></datafield><datafield ind1="4" ind2="0" tag="856"><subfield code="u">http://hdl.handle.net/2333.1/g79cnrmk</subfield></datafield><datafield ind1=" " ind2=" " tag="959"><subfield code="a">NNU</subfield><subfield code="b">WEB</subfield><subfield code="c">GENI</subfield><subfield code="t">0</subfield><subfield code="m">Electronic access</subfield><subfield code="s">01</subfield></datafield><datafield ind1=" " ind2=" " tag="999"><subfield code="i">NNU_001266519</subfield><subfield code="s">nyu_aco000625</subfield><subfield code="e">(ERROR-880)</subfield></datafield></record>